@book{ala_kar2014,
author = "Alak{\"u}la, Mats and Karlsson, Per",
title = "Power Electronics: Devices, Converters, Control and Applications",
year = 2014,
publisher = "Department of Industrial Electrical Engineering and Automation, Lund University",
}

@masterthesis{bal2005,
author = "Baldursson, Stef{\'a}n",
title = "\MakeUppercase{BLDC} \MakeUppercase{M}otor \MakeUppercase{M}odelling and \MakeUppercase{C}ontrol â€“ \MakeUppercase{A} \MakeUppercase{M}atlab{\circledR}/\MakeUppercase{S}imulink{\circledR} \MakeUppercase{I}mplementation",
school = "Chalmers Tekniska H{\"o}gskola",
year = 2005,
}

@misc{col2014,
author="Colton, Shane",
title="Flux Observer-Based Sensorless Field-Oriented Control of Surface Permanent Magnet Synchronous Motors (Gen. 1)",
year=2014,
}

@masterthesis{tra2012,
author="Hue Tran, Phuong",
title="MATLAB/SIMULINK IMPLEMENTATION AND ANALYSIS OF THREE PULSE-WIDTH-MODULATION (PWM) TECHNIQUES",
school="Boise State University",
year=2012,
}

@masterthesis{mev2009,
author="Mevey, James Robert",
title="SENSORLESS FIELD ORIENTED CONTROL OF BRUSHLESS PERMANENT MAGNET SYNCHRONOUS MOTORS",
school="Kansas State University",
year=2009,
}

@techreport{pyr2009,
author="Pyrh{\"o}nen, Juha",
title="Lecture Notes on Electrical Drives",
institution="Department of Electrical Engineering, Lappeenranta University of Technology",
year=2009,
}

@techreport{wil2014,
author="Wilson, Dave",
title="Intro to Sensorless Control",
institution="2014 Texas Instruments Motor Control Training Series",
year=2014,
}

@techreport{ver_deb_lob2011,
author="Vers{\'e}le, Christophe and Deblecker, Olivier and Lobry, Jacques",
title="Implementation of Induction Motor Drive Control Schemes in MATLAB/Simulink/dSPACE Environment for Educational Purpose",
institution="Electrical Engineering Department, University of Mons",
year=2011,
}

@manual{bob2013,
title="PMSM Electrical Parameters Measurement",
author="Bobek, Viktor",
organization="Freescale Semiconductor, Inc.",
year=2013,
}

@phdthesis{chi2007,
author="Chi, Song",
title="POSITION-SENSORLESS CONTROL OF PERMANENT MAGNET SYNCHRONOUS MACHINES OVER WIDE SPEED RANGE",
school="The Ohio State University",
year=2007,
}

@manual{lee_lem_keo,
author="Lee, Shiyoung and Lemley, Tom and Keohane, Gene",
title="A COMPARISON STUDY OF THE COMMUTATION METHODS FOR THE THREE-PHASE PERMANENT MAGNET BRUSHLESS DC MOTOR",
organization="Magnelab",
year=2010,
}

@ONLINE{ref_frames,
author="MathWorks",
title="Alpha-Beta-Zero to dq0, dq0 to Alpha-Beta-Zero",
year=2015,
month=jan,
url={http://se.mathworks.com/help/physmod/sps/powersys/ref/alphabetazerotodq0dq0toalphabetazero.html}
}


%@book{ast_wit2011,
  author = "{\AA}str{\"o}m, Karl Johan and Wittenmark, Bj{\"o}rn",
  title = "Computer-Controlled Systems",
  year = 2011,
  publisher = "Dover Publications",
}